<collection xmlns="http://www.loc.gov/MARC21/slim">
<record>
  <leader>01060nam0a22002171i 450 </leader>
  <controlfield tag="001">IT\ICCU\CNCE\065633</controlfield>
  <controlfield tag="005">20060825000000.0</controlfield>
  <datafield tag="012" ind1=" " ind2=" ">
    <subfield code="a">o.to emse rin- seno (3) 1590 (R)</subfield>
    <subfield code="2">fei</subfield>
  </datafield>
  <datafield tag="100" ind1=" " ind2=" ">
    <subfield code="a">20060726d1590        0itac0103    ba</subfield>
  </datafield>
  <datafield tag="101" ind1=" " ind2=" ">
    <subfield code="a">ITA</subfield>
    <subfield code="a">LAT</subfield>
  </datafield>
  <datafield tag="102" ind1=" " ind2=" ">
    <subfield code="a">IT</subfield>
  </datafield>
  <datafield tag="200" ind1="1" ind2=" ">
    <subfield code="a">Indulgenze plenarie, gratie, et priuilegii concessi in perpetuo alla Confraternita della B. Vergine, nella chiesa de&apos; Serui di Vicenza. Aggregata all&apos;Archiconfraternita del Santissimo Crocifisso in S. Marcello di Roma, come nel Breue di essa aggregationeappare</subfield>
  </datafield>
  <datafield tag="210" ind1=" " ind2=" ">
    <subfield code="a">In Vicenza</subfield>
    <subfield code="c">appresso Agostino dalla Noce</subfield>
    <subfield code="d">1590</subfield>
  </datafield>
  <datafield tag="215" ind1=" " ind2=" ">
    <subfield code="a">44 \i.e. 48! p.</subfield>
    <subfield code="d">8ʻ</subfield>
  </datafield>
  <datafield tag="620" ind1=" " ind2=" ">
    <subfield code="a">IT</subfield>
    <subfield code="d">Vicenza</subfield>
  </datafield>
  <datafield tag="710" ind1="0" ind2="2">
    <subfield code="a">Confraternita della Beata Vergine nella chiesa dei Servi</subfield>
    <subfield code="c"> &lt;Vicenza&gt;</subfield>
    <subfield code="3">26718</subfield>
  </datafield>
  <datafield tag="712" ind1="0" ind2="0">
    <subfield code="a">Dalla_Noce, Agostino</subfield>
    <subfield code="3">IT\ICCU\CNCT\000879</subfield>
    <subfield code="4">650</subfield>
  </datafield>
  <datafield tag="791" ind1="0" ind2="0">
    <subfield code="a">Noce, Agostino dalla</subfield>
    <subfield code="3">IT\ICCU\CNCT\003196</subfield>
    <subfield code="z">Dalla_Noce, Agostino</subfield>
  </datafield>
  <datafield tag="791" ind1="0" ind2="0">
    <subfield code="a">Nuce, Augustinus a</subfield>
    <subfield code="3">IT\ICCU\CNCT\003702</subfield>
    <subfield code="z">Dalla_Noce, Agostino</subfield>
  </datafield>
  <datafield tag="801" ind1=" " ind2="3">
    <subfield code="a">IT</subfield>
    <subfield code="b">ICCU</subfield>
    <subfield code="c">20201115</subfield>
  </datafield>
  <datafield tag="899" ind1=" " ind2=" ">
    <subfield code="a">Biblioteca civica Bertoliana. Vicenza</subfield>
    <subfield code="1">VI0096</subfield>
    <subfield code="2">VIA BE</subfield>
  </datafield>
</record>
</collection>
